<record><leader>00000cas a2200000 a 4500</leader><controlfield tag="001">11779906</controlfield><controlfield tag="008">850308d19111912kyucr ne      0   a0eng c</controlfield><controlfield tag="009">5569</controlfield><datafield ind1=" " ind2=" " tag="010"><subfield code="a">sn 85052022 </subfield></datafield><datafield ind1=" " ind2=" " tag="040"><subfield code="a">KNP</subfield><subfield code="b">eng</subfield><subfield code="c">KNP</subfield><subfield code="d">OCL</subfield><subfield code="d">OCLCQ</subfield><subfield code="d">KYUBL</subfield><subfield code="d">DLC</subfield><subfield code="d">OCLCF</subfield></datafield><datafield ind1=" " ind2=" " tag="012"><subfield code="l">a</subfield></datafield><datafield ind1="0" ind2=" " tag="022"><subfield code="a">2163-467X</subfield><subfield code="2">1</subfield></datafield><datafield ind1="1" ind2=" " tag="029"><subfield code="a">AU@</subfield><subfield code="b">000020368966</subfield></datafield><datafield ind1=" " ind2=" " tag="042"><subfield code="a">pcc</subfield><subfield code="a">nsdp</subfield></datafield><datafield ind1=" " ind2=" " tag="043"><subfield code="a">n-us-ky</subfield></datafield><datafield ind1="0" ind2="0" tag="050"><subfield code="a">Newspaper</subfield></datafield><datafield ind1="1" ind2="0" tag="082"><subfield code="a">070</subfield><subfield code="2">14</subfield></datafield><datafield ind1=" " ind2="4" tag="222"><subfield code="a">The Stanford interior journal</subfield></datafield><datafield ind1="0" ind2="4" tag="245"><subfield code="a">The Stanford interior journal.</subfield></datafield><datafield ind1=" " ind2=" " tag="260"><subfield code="a">Stanford, Ky. :</subfield><subfield code="b">Shelton Saufley,</subfield><subfield code="c">1911-1912.</subfield></datafield><datafield ind1=" " ind2=" " tag="300"><subfield code="a">v. :</subfield><subfield code="b">ill.</subfield></datafield><datafield ind1=" " ind2=" " tag="310"><subfield code="a">Semiweekly</subfield></datafield><datafield ind1="0" ind2=" " tag="362"><subfield code="a">Vol. 38, no. 1 (Jan. 6, 1911)-v. 39, no. 24 (Mar. 22, 1912).</subfield></datafield><datafield ind1=" " ind2=" " tag="530"><subfield code="a">Archived issues are available in digital format as part of the Library of Congress Chronicling America online collection.</subfield></datafield><datafield ind1=" " ind2="0" tag="651"><subfield code="a">Stanford (Ky.)</subfield><subfield code="v">Newspapers.</subfield></datafield><datafield ind1=" " ind2="0" tag="651"><subfield code="a">Lincoln County (Ky.)</subfield><subfield code="v">Newspapers.</subfield></datafield><datafield ind1=" " ind2="7" tag="655"><subfield code="a">Newspapers.</subfield><subfield code="2">fast</subfield><subfield code="0">(OCoLC)fst01423814</subfield></datafield><datafield ind1=" " ind2="7" tag="651"><subfield code="a">Kentucky</subfield><subfield code="z">Lincoln County.</subfield><subfield code="2">fast</subfield><subfield code="0">(OCoLC)fst01209690</subfield></datafield><datafield ind1=" " ind2="7" tag="651"><subfield code="a">Kentucky</subfield><subfield code="z">Stanford.</subfield><subfield code="2">fast</subfield><subfield code="0">(OCoLC)fst01218399</subfield></datafield><datafield ind1=" " ind2=" " tag="752"><subfield code="a">United States</subfield><subfield code="b">Kentucky</subfield><subfield code="c">Lincoln</subfield><subfield code="d">Stanford.</subfield></datafield><datafield ind1="0" ind2="0" tag="780"><subfield code="t">Interior journal (Stanford, Ky. : 1905)</subfield><subfield code="w">(DLC)sn 85052021</subfield><subfield code="w">(OCoLC)11779836</subfield></datafield><datafield ind1="0" ind2="0" tag="785"><subfield code="t">Interior journal (Stanford, Ky. : 1912)</subfield><subfield code="w">(DLC)sn 85052023</subfield><subfield code="w">(OCoLC)11779960</subfield></datafield><datafield ind1="4" ind2="1" tag="856"><subfield code="u">http://www.loc.gov/chroniclingamerica/lccn/sn85052022/issues</subfield></datafield></record>